@inproceedings{CGRS10,
	author = {M. Chang, D. Goldwasser, D. Roth and V. Srikumar},
	title = {Discriminative Learning over Constrained Latent Representations},
	booktitle = {Proc. of the Annual Meeting of the North American Association
		of Computational Linguistics (NAACL)},
	month = {6},
	year = {2010},
}